@Unpublished{ MONAMI,
	title = "Using BGP-4 to Migrate to a Future Internet",
	author = {{{Pedro A. Aranda Guti{\'e}rrez}, {Petteri P{\"o}yh{\"o}nen}, {Luis Enrique Izaguirre} and {Francisco Huertas Ferrer}}},
	month = "oct",
	year = "2010",
	keywords = "{Autonomous Systems}, {Compartments}, {Inter-Domain Routing}, {Traffic Engineering}"
}

@Misc{ JSIM,
	title = "J-Sim",
	howpublished = "\url{http://j-sim.cs.uiuc.edu/} and \url{http://sites.google.com/site/jsimofficial/}",
	note = "Last visit: September 2010"
}

@Misc{ RIPE,
	title = "{R{\'e}seaux IP Europ{\'e}ens (RIPE)} ",
	howpublished = "\url{http://www.ripe.net/ripe}",
	note = "Last visit: April 2010"
}

@Misc{ JSIMCONTRIBUTIONS,
	title = "{J-Sim Contributions}",
	howpublished = "\url{http://sites.google.com/site/jsimofficial/3rd-party-contributions--add-ons}",
	note = "Last visit: April 2010"
}

@Misc{ SSFNET,
	title = "{Scalable Simulation Framework Network Models (SSFNet)}",
	howpublished = "\url{http://www.ssfnet.org/}",
	note = "Last visit: December 2009"
}

@Misc{ 4WARD,
	title = "{The FP7 4WARD Project)}",
	howpublished = "\url{http://http://www.4ward-project.eu/}",
	note = "Last visit: July 2010"
}

